<record><leader>00000cas a22000007a 4500</leader><controlfield tag="001">25037076</controlfield><controlfield tag="008">920102d19411945ctuwr ne      0    0eng d</controlfield><datafield ind1=" " ind2=" " tag="010"><subfield code="a">sn 91053025 </subfield></datafield><datafield ind1=" " ind2=" " tag="040"><subfield code="a">CNW</subfield><subfield code="b">eng</subfield><subfield code="c">CNW</subfield><subfield code="d">OCLCQ</subfield></datafield><datafield ind1=" " ind2=" " tag="042"><subfield code="a">msc</subfield></datafield><datafield ind1="0" ind2="4" tag="245"><subfield code="a">The Southington news combined with the Cheshire times.</subfield></datafield><datafield ind1="3" ind2="0" tag="246"><subfield code="a">Southington news</subfield></datafield><datafield ind1="3" ind2="0" tag="246"><subfield code="a">Cheshire times</subfield></datafield><datafield ind1="1" ind2="7" tag="246"><subfield code="a">Southington news and Cheshire times</subfield></datafield><datafield ind1=" " ind2=" " tag="260"><subfield code="a">Southington, Conn. :</subfield><subfield code="b">August Loeb</subfield></datafield><datafield ind1=" " ind2=" " tag="300"><subfield code="a">v.</subfield></datafield><datafield ind1=" " ind2=" " tag="310"><subfield code="a">Weekly</subfield></datafield><datafield ind1="0" ind2=" " tag="362"><subfield code="a">Vol. 80, no. 19 (Aug. 8, 1941)-v. 87, no. 38 (Sept. 21, 1945).</subfield></datafield><datafield ind1=" " ind2=" " tag="530"><subfield code="a">Available on microfilm from UMI.</subfield></datafield><datafield ind1=" " ind2="4" tag="651"><subfield code="a">Southington (Conn.)</subfield><subfield code="v">Newspapers.</subfield></datafield><datafield ind1=" " ind2="4" tag="651"><subfield code="a">Cheshire (Conn.)</subfield><subfield code="v">Newspapers.</subfield></datafield><datafield ind1=" " ind2=" " tag="752"><subfield code="a">United States</subfield><subfield code="b">Connecticut</subfield><subfield code="c">Hartford</subfield><subfield code="d">Southington.</subfield></datafield><datafield ind1="0" ind2="0" tag="780"><subfield code="t">Southington news and the Cheshire times</subfield><subfield code="w">(DLC)sn 91053024</subfield><subfield code="w">(OCoLC)25037063</subfield></datafield><datafield ind1="0" ind2="0" tag="785"><subfield code="t">Southington news (Southington, Conn. : 1945)</subfield><subfield code="w">(DLC)sn 91053028</subfield><subfield code="w">(OCoLC)92051101</subfield></datafield><datafield ind1="1" ind2=" " tag="029"><subfield code="a">AU@</subfield><subfield code="b">000025867670</subfield></datafield></record>